3442 4202
355 609 696 726 Chronologi
729 631 771 698 el
798 593 1176 724 Diploma'ti‘ci.
1214 677 1219 689 x
1292 597 1301 614 ’
1338 633 1340 640 ’

623 987 904 1050 lnh’olio.

314 1155 358 1214 i3.
384 1135 595 1212 chronologia
615 1135 647 1198 ir.
668 1154 696 1197 e.
718 1137 851 1196 omnium
878 1146 1047 1212 temporum
1068 1153 1100 1202 et
1118 1157 1266 1212 annorum

370 1221 412 1278 ab
442 1219 531 1278 initio
558 1219 662 1278 mundi
690 1217 841 1295 usquead
863 1233 933 1276 ann.
962 1237 969 1274 ι
978 1231 1049 1290 552.
1065 1230 1266 1300 computatjm

371 1301 414 1359 It.
436 1302 718 1382 commentariorum
744 1300 827 1357 librr.
847 1301 959 1371 decem,
987 1303 1064 1361 Aut·
1085 1304 1150 1364 lnh.
1168 1302 1266 1370 Ftlnc.
1365 1368 1367 1378 Ι

373 1385 441 1450 cio,
482 1381 683 1457 Regiomunte
712 1379 811 1440 Prusa.
839 1380 871 1440 in
892 1380 971 1440 offic.
993 1382 1145 1446 Luliliana
1164 1393 1281 1458 excuss.

372 1475 465 1536 ¹⁵⁵2·
853 1530 857 1543 .

439 1569 602 1631 Exemplum
621 1571 686 1621 libri
707 1571 762 1620 rari
780 1579 861 1632 atque
885 1572 981 1634 optimi
999 1575 1101 1636 optime
1117 1575 1266 1636 se'ruatum.

372 1671 458 1744 Quod
478 1669 537 1718 aliis
562 1667 595 1716 tie
618 1681 685 1718 uero
701 1667 726 1718 h.
747 1681 791 1731 op.
810 1679 905 1720 autore
928 1673 1036 1730 uisum,
1061 1674 1089 1724 id
1108 1677 1282 1738 adnotatum,

368 1771 444 1832 leges
462 1764 829 1844 inertemplinostriirome.
865 1769 1000 1819 Nimirum
1021 1771 1188 1824 Osiaudrum
1201 1759 1267 1830 elus
1316 1768 1320 1798 ¹

370 1881 496 1921 aucorem
522 1873 654 1926 cuprum,
688 1865 779 1912 uirum
804 1865 832 1914 in
852 1865 1071 1928 Mathematicis,
1103 1873 1131 1922 in
1153 1876 1266 1942 linguis,

372 1969 405 2020 in
423 1965 545 2036 historiis
563 1965 727 2014 excellenter
745 1963 874 2025 doctum,
894 1969 1076 2018 admodumue
1095 1985 1245 2035 uersatum.

313 2101 356 2164 14.
385 2083 492 2146 Eiusd.
510 2083 610 2155 operis
630 2081 842 2156 chronologici
866 2083 933 2146 loli.
954 2085 1078 2149 Funccil
1097 2094 1268 2168 exemplum
1388 2069 1391 2076 .

373 2164 552 2228 recentioris
571 2177 686 2222 aetatis.
720 2165 811 2222 Basil.
837 2165 925 2238 1561,
1361 2172 1363 2181 ·

313 2309 359 2372 ις.
382 2289 489 2356 Eiusd.
511 2291 611 2367 operis
634 2292 693 2351 alia
715 2293 819 2352 editio.
859 2295 973 2376 witela-
999 2302 1087 2367 1578.

436 2407 475 2480 ¹ln
493 2405 543 2455 hoc
562 2405 685 2466 exemplo
702 2403 771 2452 bene
788 2418 913 2465 seruato,
950 2406 1023 2472 quod
1042 2407 1108 2457 olim
1132 2409 1179 2460 tu
1204 2412 1272 2465 Nor.

374 2507 521 2560 Richterus
539 2505 677 2565 possedit.
707 2504 881 2555 obseruatum
904 2509 1019 2581 legimus
1044 2509 1201 2574 calamoque
1221 2511 1272 2562 ad·

373 2607 480 2664 meum,
506 2616 587 2667 quam
612 2601 646 2650 ola
671 2615 780 2652 causam
809 2616 888 2656 autor
913 2605 990 2676 hicce
1015 2607 1155 2668 eruditiss.
1171 2609 1271 2672 Regio.

375 2707 465 2757 monti
481 2706 510 2756 iu
525 2707 651 2755 Borussia
669 2705 770 2766 tragico
788 2705 963 2768 uiolentoque
979 2681 1074 2756 moitis
1087 2717 1186 2772 genere
1204 2710 1270 2758 sula.
1312 2775 1313 2780 Ἰ
1344 2709 1349 2736 l

379 2807 452 2857 latur
468 2807 611 2868 capiteque
628 2806 763 2860 interierit
779 2815 931 2858 truncatus.
946 2803 1013 2856 Viri.
1031 2805 1138 2856 Titum.
1160 2807 1208 2861 lib.
1224 2820 1269 2874 39.
1286 2865 1290 2876 ⁵

316 2923 363 2986 16.
383 2921 560 2985 Thesaurus
594 2937 776 2998 temporum.
823 2921 945 2980 Eusebii
981 2921 1128 2996 Pamphili
1161 2925 1289 2984 Caesa0'

372 3022 441 3065 reae
473 3003 656 3063 Palaestinae
692 3005 836 3079 Episcopi
865 3002 1086 3062 chronicorum
1107 3005 1268 3066 Canomrm

371 3088 567 3146 omnimodae
588 3085 730 3145 historiae
756 3085 842 3154 llhrr.
862 3086 942 3146 duo,
969 3083 1094 3156 interpr.
1116 3086 1270 3162 llierony·

374 3183 451 3237 mo,
483 3181 541 3226 etc.
561 3179 621 3228 etc·
664 3169 722 3239 Op.
750 3179 780 3224 et
800 3165 903 3225 studio
927 3165 987 3226 los.
1011 3165 1085 3226 lusti
1117 3169 1271 3241 scaligeri.

374 3247 483 3310 Eiusd.
502 3263 591 3307 notae
611 3263 640 3307 et
661 3248 809 3320 castigatt·
834 3248 863 3304 in
894 3247 945 3304 lat.
976 3245 1155 3320 Hieronymi
1177 3251 1272 3307 inter-

373 3330 576 3406 pretationem
595 3343 624 3387 et
644 3331 756 3388 Graeca
781 3327 914 3390 Eusebii.
964 3327 1070 3386 Eiusd.
1100 3329 1273 3402 isagogico·

375 3427 457 3550 rtfittou5
470 3409 697 3484 chronologiae
717 3409 877 3476 Canunum
899 3407 969 3466 libri
994 3421 1064 3467 tres.
1091 3408 1271 3482 Lugussat.

375 3507 389 3551 r
458 3531 468 3550 .

443 3601 608 3662 Exemplum
627 3599 692 3652 edit.
712 3613 773 3649 raro
792 3593 889 3646 obuiae
907 3597 1009 3660 optime
1027 3609 1176 3651 seruatum·
1247 3615 1252 3622 ·
1358 3599 1362 3614 '

430 3691 489 3749 'De
507 3697 558 3753 hac
581 3709 675 3752 nostra
699 3700 817 3749 editione
841 3698 917 3746 etde
937 3699 1007 3755 alia,
1035 3709 1105 3759 quae
1130 3698 1194 3748 dein
1211 3702 1273 3762 pio·

379 3781 599 3852 minutulos.
622 3795 697 3864 ¹⁶5⁸·
723 3801 783 3851 aad·
807 3789 888 3851 iorni.
910 3797 1074 3858 laudemque
1094 3797 1203 3850 maioris
1224 3797 1273 3848 ad·
